@article{smith2020ed,
  author  = {John Smith and Jane Doe},
  title   = {The Impact of Diagnostic Decisions in Emergency Departments},
  journal = {Journal of Emergency Medicine},
  year    = {2020},
  volume  = {45},
  number  = {3},
  pages   = {123--130},
  doi     = {10.1001/jem.2020.1234}
}

@article{Traub2016a,
  author    = {Traub, Steven J. and Stewart, Craig F. and Didehban, Reza and Bartley, Adam C. and Saghafian, Soroush and Smith, V. Daniel and Silvers, Stephen M. and LeCheminant, Ryan and Lipinski, Christopher A.},
  title     = {Emergency Department Rotational Patient Assignment},
  journal   = {Annals of Emergency Medicine},
  year      = {2016},
  volume    = {67},
  number    = {2},
  pages     = {206--215},
  month     = feb,
  doi       = {10.1016/j.annemergmed.2015.07.008},
  pmid      = {26452721},
  url       = {https://doi.org/10.1016/j.annemergmed.2015.07.008},
  note      = {Epub 2015 Oct 6}
}

@article{Traub2016b,
title = {Physician in Triage Versus Rotational Patient Assignment},
journal = {The Journal of Emergency Medicine},
volume = {50},
number = {5},
pages = {784-790},
year = {2016},
issn = {0736-4679},
doi = {https://doi.org/10.1016/j.jemermed.2015.11.036},
url = {https://www.sciencedirect.com/science/article/pii/S073646791501375X},
author = {Stephen J. Traub and Adam C. Bartley and Vernon D. Smith and Roshanak Didehban and Christopher A. Lipinski and Soroush Saghafian}
}

@article{Traub2018,
  author    = {Traub, Steven J. and Saghafian, Soroush and Bartley, Adam C. and Buras, Michael R. and Stewart, Craig F. and Kruse, Benjamin T.},
  title     = {The durability of operational improvements with rotational patient assignment},
  journal   = {American Journal of Emergency Medicine},
  year      = {2018},
  volume    = {36},
  number    = {8},
  pages     = {1367--1371},
  month     = aug,
  doi       = {10.1016/j.ajem.2017.12.045},
  pmid      = {29331271},
  url       = {https://doi.org/10.1016/j.ajem.2017.12.045},
  note      = {Epub 2017 Dec 20}
}

@article{Hausman1975,
  author    = {Hausman, Jerry A.},
  title     = {An Instrumental Variable Approach to Full Information Estimators for Linear and Certain Nonlinear Econometric Models},
  journal   = {Econometrica},
  year      = {1975},
  volume    = {43},
  number    = {4},
  pages     = {727--738},
  publisher = {Econometric Society},
  url       = {https://www.jstor.org/stable/1913081}
}

@article{Hausman1978,
  author    = {Hausman, Jerry A.},
  title     = {Specification Tests in Econometrics},
  journal   = {Econometrica},
  year      = {1978},
  volume    = {46},
  number    = {6},
  pages     = {1251--1271},
  publisher = {Econometric Society},
  doi       = {10.2307/1913827},
  url       = {https://doi.org/10.2307/1913827}
}


@article{mostafa2024strategies,
  title={Strategies to Measure and Improve Emergency Department Performance: A Review},
  author={Mostafa, R. and El-Atawi, K.},
  journal={Cureus},
  volume={16},
  number={1},
  pages={e52879},
  year={2024},
  month={Jan},
  doi={10.7759/cureus.52879},
  pmid={38406097},
  pmcid={PMC10890971}
}

@article{kuntz2014stress,
  author    = {Kuntz, Lukas and Mennicken, Roman and Scholtes, Stefan},
  title     = {Stress on the Ward: Evidence of Safety Tipping Points in Hospitals},
  journal   = {Management Science},
  year      = {2014},
  volume    = {61},
  number    = {4},
  pages     = {754--771},
  doi       = {10.1287/mnsc.2014.1920},
  url       = {https://doi.org/10.1287/mnsc.2014.1920},
  publisher = {INFORMS}
}


@misc{su2025crisis,
  author       = {Su, Huifeng and Meng, Lesley and Sangal, Rohit and Pinker, Edieal J.},
  title        = {Crisis at the Core: Examining the Ripple Effects of Critical Incidents on Emergency Department Physician Productivity and Work Style},
  year         = {2025},
  month        = {January 24},
  note         = {Available at SSRN: \url{https://ssrn.com/abstract=5113467} or \url{http://dx.doi.org/10.2139/ssrn.5113467}},
  doi          = {10.2139/ssrn.5113467},
  url          = {https://ssrn.com/abstract=5113467}
}


@article{Zhang2017,
  author    = {Zhang, Z.},
  title     = {Structural equation modeling in the context of clinical research},
  journal   = {Annals of Translational Medicine},
  year      = {2017},
  volume    = {5},
  number    = {5},
  pages     = {102},
  doi       = {10.21037/atm.2016.09.25},
  pmid      = {28361067},
  pmcid     = {PMC5360631},
  url       = {https://doi.org/10.21037/atm.2016.09.25}
}

@article{Beran2010,
  author    = {T. N. Beran and C. Violato},
  title     = {Structural equation modeling in medical research: a primer},
  journal   = {BMC Research Notes},
  year      = {2010},
  volume    = {3},
  pages     = {267},
  doi       = {10.1186/1756-0500-3-267},
  url       = {https://doi.org/10.1186/1756-0500-3-267}
}

@article{Raja2014,
  author       = {Raja, Ali S. and Ip, Ivan K. and Sodickson, Aaron D. and others},
  title        = {Radiology Utilization in the Emergency Department: Trends of the Past 2 Decades},
  journal      = {AJR American Journal of Roentgenology},
  volume       = {203},
  pages        = {355--360},
  year         = {2014},
  doi          = {10.2214/AJR.13.11892}
}

@article{Rogg2017,
  author       = {Rogg, Jonathan G. and Huckman, Robert and Lev, Michael and Raja, Ali and Chang, Yuchiao and White, Benjamin A.},
  title        = {Describing wait time bottlenecks for ED patients undergoing head CT},
  journal      = {The American Journal of Emergency Medicine},
  volume       = {35},
  number       = {10},
  pages        = {1510--1513},
  year         = {2017},
  issn         = {0735-6757},
  doi          = {10.1016/j.ajem.2017.04.059},
}

@article{Dahl2014,
  author    = {Dahl, Gordon B. and Kostøl, Andreas Ravndal and Mogstad, Magne},
  title     = {Family Welfare Cultures},
  journal   = {The Quarterly Journal of Economics},
  volume    = {129},
  number    = {4},
  pages     = {1711--1752},
  year      = {2014},
  month     = {November},
  doi       = {10.1093/qje/qju019},
  url       = {https://doi.org/10.1093/qje/qju019}
}

@article{lam2020why,
  author    = {Lam, Jonathan H. and Pickles, Kristen and Stanaway, Fiona F. and Bell, Katy J. L.},
  title     = {Why clinicians overtest: development of a thematic framework},
  journal   = {BMC Health Services Research},
  year      = {2020},
  volume    = {20},
  number    = {1},
  pages     = {1011},
  doi       = {10.1186/s12913-020-05844-9},
  url       = {https://doi.org/10.1186/s12913-020-05844-9},
  issn      = {1472-6963},
  pmid      = {33148242},
  pmcid     = {PMC7643462},
  publisher = {BioMed Central}
}

@article{rao2012overuse,
  author    = {Rao, Vijay M. and Levin, David C.},
  title     = {The overuse of diagnostic imaging and the Choosing Wisely initiative},
  journal   = {Annals of Internal Medicine},
  year      = {2012},
  volume    = {157},
  number    = {8},
  pages     = {574--576},
  doi       = {10.7326/0003-4819-157-8-201210160-00535},
  url       = {https://doi.org/10.7326/0003-4819-157-8-201210160-00535},
  issn      = {0003-4819},
  publisher = {American College of Physicians}
}


@article{coen2022clinical,
  author    = {Coen, Mathieu and Sader, Julie and Junod-Perron, Noelle and Aud{\'e}tat, Marie-Claude and Nendaz, Mathieu},
  title     = {Clinical reasoning in dire times: Analysis of cognitive biases in clinical cases during the COVID-19 pandemic},
  journal   = {Internal and Emergency Medicine},
  year      = {2022},
  volume    = {17},
  number    = {4},
  pages     = {979--988},
  doi       = {10.1007/s11739-021-02884-9},
  url       = {https://doi.org/10.1007/s11739-021-02884-9},
  issn      = {1828-0447},
  pmid      = {34997906},
  pmcid     = {PMC8742156},
  publisher = {Springer}
}

@article{featherston2020decision,
  author    = {Featherston, Rachael and Downie, Laura E. and Vogel, Adam P. and Galvin, Kate L.},
  title     = {Decision making biases in the allied health professions: A systematic scoping review},
  journal   = {PLoS ONE},
  year      = {2020},
  volume    = {15},
  number    = {10},
  pages     = {e0240716},
  doi       = {10.1371/journal.pone.0240716},
  url       = {https://doi.org/10.1371/journal.pone.0240716},
  issn      = {1932-6203},
  pmid      = {33079949},
  pmcid     = {PMC7575084},
  publisher = {Public Library of Science}
}


@article{jameson2024variation,
  title={Variation in batch ordering of imaging tests in the emergency department and the impact on care delivery},
  author={Jameson, JC and Saghafian, S and Huckman, RS and Hodgson, N},
  journal={Health Services Research},
  year={2024},
  month={Nov 5},
  doi={10.1111/1475-6773.14406},
  note={Epub ahead of print},
  pmid={39501704}
}

@article{dahl2014peer,
  title={Peer Effects in Program Participation},
  author={Dahl, Gordon B. and L{\o}ken, Katrine V. and Mogstad, Magne},
  journal={American Economic Review},
  volume={104},
  number={7},
  pages={2049--2074},
  year={2014},
  publisher={American Economic Association}
}

@article{AizerDoyle2015,
  author    = {Aizer, Anna and Doyle, Joseph J.},
  title     = {Juvenile Incarceration, Human Capital, and Future Crime: Evidence from Randomly Assigned Judges},
  journal   = {The Quarterly Journal of Economics},
  volume    = {130},
  number    = {2},
  pages     = {759--804},
  year      = {2015},
  publisher = {Oxford University Press},
  url       = {https://www.jstor.org/stable/26372613},
  doi       = {10.1093/qje/qjv003}
}


@article{abadie2003economic,
  title={The Economic Costs of Conflict: A Case Study of the Basque Country},
  author={Abadie, Alberto and Gardeazabal, Javier},
  journal={American Economic Review},
  volume={93},
  number={1},
  pages={113--132},
  year={2003},
  publisher={American Economic Association}
}

@article{Fowler2022,
  author       = {Fowler, John W. and Mönch, Lars},
  title        = {A Survey of Scheduling with Parallel Batch (p-Batch) Processing},
  journal      = {European Journal of Operational Research},
  volume       = {298},
  number       = {1},
  pages        = {1--24},
  year         = {2022},
  issn         = {0377-2217},
  doi          = {10.1016/j.ejor.2021.06.012}
  }

@article{boudreau2003interface,
  title={On the interface between operations and human resources management},
  author={Boudreau, John and Hopp, Wallace and McClain, John O. and Thomas, L. Joseph},
  journal={Manufacturing \& Service Operations Management},
  volume={5},
  number={3},
  pages={179--202},
  year={2003},
  publisher={INFORMS}
}

@misc{newsweek2024hospitals,
  title = {World's Best Hospitals 2024 - United States},
  author = {Newsweek},
  year = {2024},
  url = {https://www.newsweek.com/rankings/worlds-best-hospitals-2024/united-states},
  note = {Accessed: 2024-10-09}
}

@article{Ibanez2020,
  author       = {Ibanez, Marc and Toffel, Michael W.},
  title        = {How Scheduling Can Bias Quality Assessment: Evidence from Food Safety Inspections},
  journal      = {Management Science},
  volume       = {66},
  number       = {6},
  pages        = {2396--2416},
  year         = {2020},
  doi          = {10.1287/mnsc.2019.3333}
}

@article{Ibanez2018,
  title={Discretionary Task Ordering: Queue Management in Radiological Services},
  author={Maria R. Ibanez and Jonathan R. Clark and Robert S. Huckman and Bradley R. Staats},
  journal={Management Science},
  volume={64},
  number={9},
  pages={4389--4407},
  year={2018},
  publisher={INFORMS},
  doi={10.1287/mnsc.2017.2800}
}

@article{bhuller2020incarceration,
  title={Incarceration, Recidivism, and Employment},
  author={Bhuller, Manudeep and Dahl, Gordon B and L{\o}ken, Katrine V and Mogstad, Magne},
  journal={Journal of Political Economy},
  volume={128},
  number={4},
  pages={1269--1324},
  year={2020},
  publisher={The University of Chicago Press}
}


@article{Freedman2021,
  title={Docs with their eyes on the clock? The effect of time pressures on primary care productivity},
  author={Seth Freedman and Ezra Golberstein and Taylor Y. Huang and David J. Satin and Laura B. Smith},
  journal={Journal of Health Economics},
  volume={77},
  pages={102442},
  year={2021},
  doi={10.1016/j.jhealeco.2021.102442},
  pmid={33684849},
  pmcid={PMC8122046}
}

@article{Savioli2022,
  title={Emergency Department Overcrowding: Understanding the Factors to Find Corresponding Solutions},
  author={Giorgio Savioli and Ilaria F. Ceresa and Nicole Gri and Giacomo Bavestrello Piccini and Yassin Longhitano and Carlo Zanza and Alessandra Piccioni and Carlo Esposito and Gianfranco Ricevuti and Maria Antonietta Bressan},
  journal={Journal of Personalized Medicine},
  volume={12},
  number={2},
  pages={279},
  year={2022},
  doi={10.3390/jpm12020279},
  pmid={35207769},
  pmcid={PMC8877301}
}


@article{McKenna2019,
  title={Emergency department and hospital crowding: causes, consequences, and cures},
  author={Patrick McKenna and Sean M. Heslin and Peter Viccellio and William K. Mallon and Christine Hernandez and Edward J. Morley},
  journal={Clinical and Experimental Emergency Medicine},
  volume={6},
  number={3},
  pages={189--195},
  year={2019},
  doi={10.15441/ceem.18.022}
}


@article{chan2018efficiency,
  author = {Chan, David C.},
  title = {The Efficiency of Slacking Off: Evidence From the Emergency Department},
  journal = {Econometrica},
  year = {2018},
  volume = {86},
  number = {3},
  pages = {997-1030},
  doi = {10.3982/ECTA13565},
  url = {https://doi.org/10.3982/ECTA13565}
}

@article{rooney2014point,
  author = {Rooney, Kevin D. and Schilling, Ulf M.},
  title = {Point-of-care testing in the overcrowded emergency department--can it make a difference?},
  journal = {Critical Care},
  year = {2014},
  volume = {18},
  number = {6},
  pages = {692},
  doi = {10.1186/s13054-014-0692-9},
  pmid = {25672600},
  pmcid = {PMC4331380},
  url = {https://doi.org/10.1186/s13054-014-0692-9}
}


@article{sartini2022overcrowding,
  author = {Sartini, Matteo and Carbone, Alessandro and Demartini, Andrea and Giribone, Luigi and Oliva, Matteo and Spagnolo, Andrea M. and Cremonesi, Patrizio and Canale, Fabio and Cristina, Maria Luisa},
  title = {Overcrowding in Emergency Department: Causes, Consequences, and Solutions-A Narrative Review},
  journal = {Healthcare (Basel)},
  year = {2022},
  volume = {10},
  number = {9},
  pages = {1625},
  doi = {10.3390/healthcare10091625},
  pmid = {36141237},
  pmcid = {PMC9498666},
  url = {https://doi.org/10.3390/healthcare10091625}
}


@article{Oliva2001Cutting,
  title={Cutting corners and working overtime: Quality erosion in the service industry},
  author={Oliva, Rogelio and Sterman, John D},
  journal={Management Science},
  volume={47},
  number={7},
  pages={894--914},
  year={2001},
  publisher={INFORMS}
}

@article{Sorup2013evaluation,
  title={Evaluation of emergency department performance - a systematic review on recommended performance and quality-in-care measures},
  author={S{\o}rup, CM and Jacobsen, P and Forberg, JL},
  journal={Scandinavian Journal of Trauma, Resuscitation and Emergency Medicine},
  volume={21},
  pages={62},
  year={2013},
  month={Aug},
  doi={10.1186/1757-7241-21-62},
  pmid={23938117},
  pmcid={PMC3750595}
}

@article{waheed2022impact,
  title={The impact of dependence on advanced imaging techniques on the current radiology practice},
  author={Waheed, S. and Tahir, M. J. and Ullah, I. and Alwalid, O. and Irshad, S. G. and Asghar, M. S. and Yousaf, Z.},
  journal={Annals of Medicine and Surgery (Lond)},
  volume={78},
  pages={103708},
  year={2022},
  month={May},
  doi={10.1016/j.amsu.2022.103708},
  pmid={35592825},
  pmcid={PMC9111924}
}

@book{national2015improving,
  title={Improving Diagnosis in Health Care},
  author={{National Academies of Sciences, Engineering, and Medicine}},
  editor={Balogh, E. P. and Miller, B. T. and Ball, J. R.},
  publisher={National Academies Press},
  address={Washington, DC},
  year={2015},
  url={https://www.ncbi.nlm.nih.gov/books/NBK338593/},
  doi={10.17226/21794}
}

@article{valtchinov2019use,
  title={Use of Imaging in the Emergency Department: Do Individual Physicians Contribute to Variation?},
  author={Valtchinov, V. I. and Ip, I. K. and Khorasani, R. and Schuur, J. D. and Zurakowski, D. and Lee, J. and Raja, A. S.},
  journal={AJR American Journal of Roentgenology},
  volume={213},
  number={3},
  pages={637--643},
  year={2019},
  month={Sep},
  doi={10.2214/AJR.18.21065},
  pmid={31063428},
  eprint={2019 May 7}
}

@article{Campbell2011,
  author       = {Campbell, Dennis and Frei, Frances X.},
  title        = {Market Heterogeneity and Local Capacity Decisions in Services},
  journal      = {Manufacturing \& Service Operations Management},
  volume       = {13},
  number       = {1},
  pages        = {2--19},
  year         = {2011},
  doi          = {10.1287/msom.1100.0312}
}

@article{vanDonselaar2010ordering,
  title={Ordering Behavior in Retail Stores and Implications for Automated Replenishment},
  author={van Donselaar, Karel H. and Gaur, Vishal and van Woensel, Tom and Broekmeulen, Rob A. C. M. and Fransoo, Jan C.},
  journal={Management Science},
  volume={56},
  number={5},
  pages={766--784},
  year={2010},
  doi={10.1287/mnsc.1100.1146}
}

@article{bernstein2009effect,
  title={The effect of emergency department crowding on clinically oriented outcomes},
  author={Bernstein, Steven L and Aronsky, Dominik and Duseja, Reena and Epstein, Stephen and Handel, Dan and Hwang, Ula and McCarthy, Melissa and John McConnell, K and Pines, Jesse M and Rathlev, Niels and others},
  journal={Academic Emergency Medicine},
  volume={16},
  number={1},
  pages={1--10},
  year={2009},
  publisher={Wiley Online Library}
}

@book{balogh2015improving,
  title={Improving diagnosis in health care},
  author={Balogh, Erin P and Miller, Bryan T and Ball, John R},
  year={2015},
  publisher={National Academies Press}
}

@article{koch2018frequency,
  title={The frequency of unnecessary testing in hospitalized patients},
  author={Koch, Christian and Roberts, Kenneth and Petruccelli, Christie and Morgan, Daniel J},
  journal={The American journal of medicine},
  volume={131},
  number={5},
  pages={500--503},
  year={2018},
  publisher={Elsevier}
}

@article{saghafian2015operations,
  title={Operations research/management contributions to emergency department patient flow optimization: Review and research prospects},
  author={Saghafian, Soroush and Austin, Garrett and Traub, Stephen J},
  journal={IIE Transactions on Healthcare Systems Engineering},
  volume={5},
  number={2},
  pages={101--123},
  year={2015},
  publisher={Taylor \& Francis}
}

@article{Smulowitz2021,
  author       = {Smulowitz, Peter B. and O’Malley, A. James and McWilliams, J. Michael and Zaborski, Lawrence and Landon, Bruce E.},
  title        = {Variation in Rates of Hospital Admission from the Emergency Department Among Medicare Patients at the Regional, Hospital, and Physician Levels},
  journal      = {Annals of Emergency Medicine},
  volume       = {78},
  number       = {4},
  pages        = {474--483},
  year         = {2021},
  issn         = {0196-0644},
  doi          = {10.1016/j.annemergmed.2021.03.020},
  url          = {https://www.sciencedirect.com/science/article/pii/S019606442100233X}
}

@article{Coussens2024,
  author    = {Coussens, S. and Ly, D. P.},
  title     = {Variation in Emergency Department Physician Admitting Practices and Subsequent Mortality},
  journal   = {JAMA Internal Medicine},
  year      = {2024},
  month     = {December},
  doi       = {10.1001/jamainternmed.2024.6925},
  note      = {Published online}
}

@article{Gowrisankaran2022,
  author    = {Gowrisankaran, Gautam and Joiner, Keith and L{\'e}ger, Pierre Thomas},
  title     = {Physician Practice Style and Healthcare Costs: Evidence from Emergency Departments},
  journal   = {Management Science},
  volume    = {69},
  number    = {6},
  pages     = {3202--3219},
  year      = {2022},
  doi       = {10.1287/mnsc.2022.4470}
}

@article{Deo2019,
  author       = {Deo, Sarang and Jain, Apurva},
  title        = {Slow First, Fast Later: Temporal Speed-up in Service Episodes of Finite Duration},
  journal      = {Production and Operations Management},
  volume       = {28},
  number       = {5},
  pages        = {1061--1081},
  year         = {2019},
  doi          = {10.1111/poms.12955}
}

@article{eichmeyer2022pathways,
  author = {Eichmeyer, Sarah and Zhang, Jonathan},
  title = {Pathways into Opioid Dependence: Evidence from Practice Variation in Emergency Departments},
  journal = {American Economic Journal: Applied Economics},
  volume = {14},
  number = {4},
  pages = {271--300},
  year = {2022},
  doi = {10.1257/app.20210048}
}

@book{angrist2009mostly,
  title        = {Mostly Harmless Econometrics: An Empiricist’s Companion},
  author       = {Angrist, Joshua D. and Pischke, J{\"o}rn-Steffen},
  year         = {2009},
  publisher    = {Princeton University Press},
  address      = {Princeton, NJ},
  doi          = {10.2307/j.ctvcm4j72},
  url          = {https://doi.org/10.2307/j.ctvcm4j72},
  note         = {Accessed 9 Oct. 2025},
  isbn         = {978-0-691-12035-5},
  keywords     = {Econometrics, Instrumental Variables, Causal Inference}
}

@article{Eichmeyer2022,
  title={Pathways into Opioid Dependence: Evidence from Practice Variation in Emergency Departments},
  author={Eichmeyer, S and Zhang, J},
  journal={American Economic Journal: Applied Economics},
  volume={14},
  number={4},
  pages={271--300},
  year={2022}
}

@article{dobbie2018effects,
  author = {Dobbie, Will and Goldin, Jacob and Yang, Crystal S.},
  title = {The Effects of Pretrial Detention on Conviction, Future Crime, and Employment: Evidence from Randomly Assigned Judges},
  journal = {American Economic Review},
  volume = {108},
  number = {2},
  pages = {201--240},
  year = {2018}
}


@article{doyle2015measuring,
  author = {Doyle, Joseph and Graves, John and Gruber, Jonathan and Kleiner, Samuel},
  title = {Measuring Returns to Hospital Care: Evidence from Ambulance Referral Patterns},
  journal = {Journal of Political Economy},
  volume = {123},
  number = {1},
  pages = {170--214},
  year = {2015},
  month = {2},
  doi = {10.1086/677756},
  pmid = {25750459},
  pmcid = {PMC4351552}
}



@article{bernstein2009,
  author={Bernstein, SL and Aronsky, D and Duseja, R and Epstein, S and Handel, D and Hwang, U and McCarthy, M and McConnell, JK and Pines, JM and Rathlev, N and others},
  title={The effect of emergency department crowding on clinically oriented outcomes},
  journal={Academic Emergency Medicine},
  volume={16},
  number={1},
  pages={1--10},
  year={2009}
}


@article{koch2018,
  title={The Frequency of Unnecessary Testing in Hospitalized Patients},
  author={Koch, C and Roberts, K and Petruccelli, C and Morgan, DJ},
  journal={Am J Med},
  volume={131},
  number={5},
  pages={500--503},
  year={2018},
  doi={10.1016/j.amjmed.2017.11.025},
  note={PMID: 29224739; PMCID: PMC8628817},
}


@book{naseim2015,
  title={Improving Diagnosis in Health Care},
  author={Balogh, EP and Miller, BT and Ball, JR},
  editor={Committee on Diagnostic Error in Health Care and Board on Health Care Services 
  and Institute of Medicine and The National Academies of Sciences, Engineering, and Medicine},
  chapter={The Diagnostic Process},
  publisher={National Academies Press (US)},
  address={Washington (DC)},
  year={2015}}

@techreport{Song2019,
  author       = {Song, Lina and Saghafian, Soroush},
  title        = {The Spillover Effects of Hospital Closures on the Efficiency and Quality of Other Hospitals},
  year         = {2019},
  month        = {January},
  institution  = {Harvard Kennedy School},
  type         = {HKS Working Paper},
  number       = {RWP19-006},
  url          = {https://ssrn.com/abstract=3318609},
  doi          = {10.2139/ssrn.3318609}
}

@article{traub2016emergency,
  title={Emergency Department Rotational Patient Assignment},
  author={Traub, Stephen J and Stewart, Cameron F and Didehban, Reza and Bartley, Adam C and Saghafian, Soroush and Smith, Vernon D and Silvers, Scott M and LeCheminant, Ryan and Lipinski, Christopher A},
  journal={Annals of Emergency Medicine},
  volume={67},
  number={2},
  pages={206--215},
  year={2016},
  publisher={Elsevier},
  doi={10.1016/j.annemergmed.2015.07.008},
  note={Epub 2015 Oct 6. PMID: 26452721}
}

@article{Traub2016,
  author    = {Traub, Stephen J. and Bartley, Alexander C. and Smith, Vanessa D. and Didehban, Reza and Lipinski, Christopher A. and Saghafian, Soroush},
  title     = {Physician in Triage Versus Rotational Patient Assignment},
  journal   = {The Journal of Emergency Medicine},
  volume    = {50},
  number    = {5},
  pages     = {784-790},
  year      = {2016},
  publisher = {Elsevier},
  doi       = {10.1016/j.jemermed.2016.01.013}
}

@article{bhuller2020incarceration,
  title={Incarceration, Recidivism, and Employment},
  author={Bhuller, Manudeep and Dahl, Gordon B and L{\o}ken, Katrine V and Mogstad, Magne},
  journal={Journal of Political Economy},
  volume={128},
  number={4},
  pages={1269--1324},
  year={2020},
  publisher={The University of Chicago Press}
}


@article{soltani2022does,
  title={Does What Happens in the ED Stay in the ED? The Effects of Emergency Department Physician Workload on Post-ED Care Use},
  author={Soltani, M. and Batt, R. J. and Bavafa, H. and Patterson, B. W.},
  journal={Manufacturing \& Service Operations Management},
  volume={24},
  number={6},
  pages={3079--3098},
  year={2022},
  month={Nov-Dec},
  doi={10.1287/msom.2022.1110},
  note={Epub 2022 May 2},
  pmid={36452218},
  pmcid={PMC9707701}
}

@article{kc2009impact,
  title={Impact of workload on service time and patient safety: An econometric analysis of hospital operations},
  author={KC, D. S. and Terwiesch, C.},
  journal={Management Science},
  volume={55},
  number={9},
  pages={1486--1498},
  year={2009},
  doi={10.1287/mnsc.1090.1048}
}

@article{batt2016early,
  title={Early task initiation and other load-adaptive mechanisms in the emergency department},
  author={Batt, R. J. and Terwiesch, C.},
  journal={Management Science},
  volume={63},
  number={11},
  pages={3531--3551},
  year={2016},
  doi={10.1287/mnsc.2016.2543}
}

@article{pathirana2017mapping,
  title={Mapping the drivers of overdiagnosis to potential solutions},
  author={Pathirana, T. and Clark, J. and Moynihan, R.},
  journal={BMJ},
  volume={358},
  pages={j3879},
  year={2017},
  doi={10.1136/bmj.j3879}
}

@article{carrier2011coordination,
  title={Coordination between emergency and primary care physicians},
  author={Carrier, E. and Yee, T. and Holzwart, R. A.},
  journal={National Institute for Healthcare Reform},
  number={3},
  pages={1--10},
  year={2011}
}

@incollection{leppink2019mental,
  title={Mental processes in emergency medicine},
  author={Leppink, J. and Hanham, J.},
  booktitle={Instructional Design Principles for High-Stakes Problem-Solving Environments},
  pages={55--62},
  year={2019},
  publisher={Springer}
}

@article{kc2013does,
  title={Does multitasking improve performance? Evidence from the emergency department},
  author={KC, D. S.},
  journal={Manufacturing \& Service Operations Management},
  volume={16},
  number={2},
  pages={168--183},
  year={2013},
  doi={10.1287/msom.1120.0409}
}

@article{skaugset2016can,
  title={Can you multitask? Evidence and limitations of task switching and multitasking in emergency medicine},
  author={Skaugset, L. M. and Farrell, S. and Carney, M. and Wolff, M. and Santen, S. A. and Perry, M. and Cico, S. J.},
  journal={Annals of Emergency Medicine},
  volume={68},
  number={2},
  pages={189--195},
  year={2016},
  doi={10.1016/j.annemergmed.2015.10.016}
}

@article{pines2017what,
  title={What cognitive psychology tells us about emergency department physician decision-making and how to improve it},
  author={Pines, J. M.},
  journal={Academic Emergency Medicine},
  volume={24},
  number={1},
  pages={117--119},
  year={2017},
  doi={10.1111/acem.13061}
}


@article{chisholm2000emergency,
  title={Emergency department workplace interruptions: are emergency physicians "interrupt-driven" and "multitasking"?},
  author={Chisholm, C. D. and Collison, E. K. and Nelson, D. R. and Cordell, W. H.},
  journal={Academic Emergency Medicine},
  volume={7},
  number={11},
  pages={1239--1243},
  year={2000},
  doi={10.1111/j.1553-2712.2000.tb00469.x}
}

@article{bendoly2011linking,
  title={Linking task conditions to physiology and judgment errors in RM systems},
  author={Bendoly, E.},
  journal={Production and Operations Management},
  volume={20},
  number={6},
  pages={860--876},
  year={2011},
  doi={10.1111/j.1937-5956.2011.01230.x}
}

@article{chisholm2001work,
  title={Work interrupted: A comparison of workplace interruptions in emergency departments and primary care offices},
  author={Chisholm, C. D. and Dornfeld, A. M. and Nelson, D. R. and Cordell, W. H.},
  journal={Annals of Emergency Medicine},
  volume={38},
  number={2},
  pages={146--151},
  year={2001},
  doi={10.1067/mem.2001.115440}
}

@article{hodgson2018are,
  title={Are testers also admitters? Comparing emergency physician resource utilization and admitting practices},
  author={Hodgson, N. R. and Saghafian, S. and Mi, L. and Buras, M. R. and Katz, E. D. and Pines, J. M. and Sanchez, L. and Silvers, S. and Maher, S. A. and Traub, S. J.},
  journal={The American Journal of Emergency Medicine},
  volume={36},
  number={10},
  pages={1865--1869},
  year={2018},
  doi={10.1016/j.ajem.2018.07.045}
}


@article{pines2009trends,
  title={Trends in the rates of radiography use and important diagnoses in emergency department patients with abdominal pain},
  author={Pines, J. M.},
  journal={Medical Care},
  volume={47},
  number={7},
  pages={782--786},
  year={2009},
  doi={10.1097/MLR.0b013e31819432a0}
}

@article{jaeker2020value,
  title={The value of process friction: The role of justification in reducing medical costs},
  author={Berry Jaeker, J. A. and Tucker, A. L.},
  journal={Journal of Operations Management},
  volume={66},
  number={1-2},
  pages={12--34},
  year={2020},
  doi={10.1002/joom.1076}
}

@article{Querin2024,
  author    = {Querin, Lauren B. and McGary, Alyssa and Hodgson, Nicole R. and Allen, Ryan and Martini, Wayne A.},
  title     = {Association Between Physician Age and Imaging Utilization in Emergency Department Abdominal Pain Evaluation},
  journal   = {The Journal of Emergency Medicine},
  year      = {2024},
  issn      = {0736-4679},
  doi       = {10.1016/j.jemermed.2024.11.016},
  url       = {https://www.sciencedirect.com/science/article/pii/S073646792400369X}}
  
@article{Lerman1987,
  author    = {Lerman, Barry and Kobernick, Mark S.},
  title     = {Return Visits to the Emergency Department},
  journal   = {The Journal of Emergency Medicine},
  year      = {1987},
  volume    = {5},
  number    = {5},
  pages     = {359--362},
  doi       = {10.1016/0736-4679(87)90241-9}
}

@article{Song2015,
  author    = {Song, Hummy and Tucker, Anita L. and Murrell, Karen L.},
  title     = {The Diseconomies of Queue Pooling: An Empirical Investigation of Emergency Department Length of Stay},
  journal   = {Management Science},
  year      = {2015},
  volume    = {61},
  number    = {12},
  pages     = {3032--3053},
  doi       = {10.1287/mnsc.2014.2091}
}



@article{song2017closing,
  title={Closing the productivity gap: Improving worker productivity through public relative performance feedback and validation of best practices},
  author={Song, H. and Tucker, A. L. and Murrell, K. L. and Vinson, D. R.},
  journal={Management Science},
  volume={64},
  number={6},
  pages={2628--2649},
  year={2017},
  doi={10.1287/mnsc.2016.2642}
}

@article{zwank2021provider,
  title={Provider-in-triage prediction of hospital admission after brief patient interaction},
  author={Zwank, M. D. and Koops, J. J. and Adams, N. R.},
  journal={The American Journal of Emergency Medicine},
  volume={40},
  pages={60--63},
  year={2021},
  doi={10.1016/j.ajem.2020.06.052}
}

@article{saghafian2012patient,
  title={Patient streaming as a mechanism for improving responsiveness in emergency departments},
  author={Saghafian, S. and Hopp, W. J. and Van Oyen, M. P. and Desmond, J. S. and Kronick, S. L.},
  journal={Operations Research},
  volume={60},
  number={5},
  pages={1080--1097},
  year={2012}}
  

@article{Cournane2016,
  title={Radiology imaging delays as independent predictors of length of hospital stay for emergency medical admissions},
  author={Cournane, S and Conway, R and Creagh, D and Byrne, D and Sheehy, N and Silke, B},
  journal={Clinical Radiology},
  volume={71},
  number={9},
  pages={912--918},
  year={2016},
  doi={10.1016/j.crad.2016.03.023}
}

@article{Darraj2023,
  title={The Association between Emergency Department Overcrowding and Delay in Treatment: A Systematic Review},
  author={Darraj, A and Hudays, A and Hazazi, A and Hobani, A and Alghamdi, A},
  journal={Healthcare},
  volume={11},
  number={3},
  pages={385},
  year={2023},
  doi={10.3390/healthcare11030385}
}

@article{Hodgson2021,
  title={Physician-driven early evaluation: Encounters seen in a vertical model},
  author={Hodgson, N and Saghafian, S and Klanderman, M and Urumov, A and Traub, S},
  journal={JEM Reports},
  volume={2},
  number={2},
  pages={100028},
  year={2021}
}

@article{Tamburrano2020,
  title={Evaluation and cost estimation of laboratory test overuse in 43 commonly ordered parameters through a Computerized Clinical Decision Support System (CCDSS) in a large university hospital},
  author={Tamburrano, A and Vallone, D and Carrozza, C and others},
  journal={PLoS One},
  volume={15},
  number={8},
  pages={e0237159},
  year={2020},
  doi={10.1371/journal.pone.0237159}
}

@inproceedings{Perotte2018,
  title={Improving Emergency Department Flow: Reducing Turnaround Time for Emergent CT Scans},
  author={Perotte, R and Lewin, G and Tambe, U and others},
  booktitle={AMIA Annual Symposium Proceedings},
  pages={897--906},
  year={2018}
}

@article{Lyu2017,
  title={Overtreatment in the United States},
  author={Lyu, H and Xu, T and Brotman, D and Mayer-Blackwell, B and Cooper, M and others},
  journal={PLOS ONE},
  volume={12},
  number={9},
  pages={e0181970},
  year={2017},
  doi={10.1371/journal.pone.0181970}
}

@article{Jain2021,
  title={Radiation in medical practice & health effects of radiation: Rationale, risks, and rewards},
  author={Jain, S},
  journal={Journal of Family Medicine and Primary Care},
  volume={10},
  number={4},
  pages={1520--1524},
  year={2021},
  doi={10.4103/jfmpc.jfmpc_2292_20}
}

@article{Traub2018,
  title={Interphysician Differences in Emergency Department Length of Stay},
  author={Traub, S and Saghafian, S and Judson, K and others},
  journal={Journal of Emergency Medicine},
  volume={54},
  number={5},
  pages={702--710},
  year={2018}
}

@article{Sartini2022,
  title={Overcrowding in Emergency Department: Causes, Consequences, and Solutions-A Narrative Review},
  author={Sartini, M and Carbone, A and Demartini, A and others},
  journal={Healthcare},
  volume={10},
  number={9},
  pages={1625},
  year={2022},
  doi={10.3390/healthcare10091625}
}

@article{Ibanez2017,
  title={Discretionary Task Ordering: Queue Management in Radiological Services},
  author={Ibanez, M and Clark, J and Huckman, R and Staats, B},
  journal={Management Science},
  volume={64},
  number={9},
  pages={4389--4407},
  year={2017}
}

@article{Saghafian2012,
  title={Patient Streaming as a Mechanism for Improving Responsiveness in Emergency Departments},
  author={Saghafian, S and Hopp, W and Van Oyen, M and Desmond, J and Kronick, S},
  journal={Operations Research},
  volume={60},
  number={5},
  pages={1080--1097},
  year={2012}
}


@article{Traub2018Durability,
  title={The Durability of Operational Improvements with Rotational Patient Assignment},
  author={Traub, S and Saghafian, S and Judson, K and others},
  journal={American Journal of Emergency Medicine},
  volume={36},
  number={8},
  pages={1367--1371},
  year={2018}
}

@article{Eichmeyer2022,
  title={Pathways into Opioid Dependence: Evidence from Practice Variation in Emergency Departments},
  author={Eichmeyer, S and Zhang, J},
  journal={American Economic Journal: Applied Economics},
  volume={14},
  number={4},
  pages={271--300},
  year={2022}
}

@article{Dobbie2018,
  title={The Effects of Pretrial Detention on Conviction, Future Crime, and Employment: Evidence from Randomly Assigned Judges},
  author={Dobbie, W and Goldin, J and Yang, C},
  journal={American Economic Review},
  volume={108},
  number={2},
  pages={201--240},
  year={2018}
}

@article{Konetzka2019,
  title={Use of instrumental variables for endogenous treatment at the provider level},
  author={Konetzka, R and Yang, F and Werner, R},
  journal={Health Economics},
  volume={28},
  number={5},
  pages={710--716},
  year={2019},
  doi={10.1002/hec.3861}
}

@article{Diehr1999,
  title={Methods for analyzing health care utilization and costs},
  author={Diehr, P and Yanez, D and Ash, A and Hornbrook, M and Lin, D},
  journal={Annual Review of Public Health},
  volume={20},
  number={1},
  pages={125--144},
  year={1999},
  doi={10.1146/annurev.publhealth.20.1.125}
}

@article{Cots2003,
  title={Relevance of outlier cases in case mix systems and evaluation of trimming methods},
  author={Cots, F and Elvira, D and Castells, X and Sáez, M},
  journal={Health Care Management Science},
  volume={6},
  number={1},
  pages={27--35},
  year={2003},
  doi={10.1023/A:1021908220013}
}

@article{Lim2024,
  author    = {Lim, Jong Myeong and Song, Hummy and Yang, Julius J.},
  title     = {The Spillover Effects of Capacity Pooling in Hospitals},
  journal   = {Management Science},
  year      = {2024},
  volume    = {70},
  number    = {11},
  pages     = {7692--7711},
  doi       = {10.1287/mnsc.2022.02202}
}

@article{Feizi2023,
  author    = {Feizi, Arash and Carson, Anne and Jaeker, Jenny B. and Baker, William E.},
  title     = {To Batch or Not to Batch? Impact of Admission Batching on Emergency Department Boarding Time and Physician Productivity},
  journal   = {Operations Research},
  year      = {2023},
  volume    = {71},
  number    = {3},
  pages     = {939--957},
  doi       = {10.1287/opre.2022.2381}
}

@article{DiSomma2015,
  author    = {Di Somma, Salvatore and Paladino, Laura and Vaughan, Lisa and Lalle, Irene and Magrini, Luca and Magnanti, Maddalena},
  title     = {Overcrowding in emergency department: an international issue},
  journal   = {Internal and Emergency Medicine},
  year      = {2015},
  volume    = {10},
  number    = {2},
  pages     = {171--175},
  doi       = {10.1007/s11739-014-1154-8},
  note      = {Published online December 14, 2014}
}

@book{aha2002emergency,
  author={{American Hospital Association}},
  title={Emergency department overload: A growing crisis. The results of the American Hospital Association survey of Emergency Department (ED) and hospital capacity},
  year={2002},
  publisher={American Hospital Association},
  address={Falls Church, VA}
}

@article{Brown2005,
  author    = {Brown, Lawrence and Gans, Noah and Mandelbaum, Avishai and Sakov, Anat and Shen, Haipeng and Zeltyn, Sergey and Zhao, Linda},
  title     = {Statistical Analysis of a Telephone Call Center: A Queueing-Science Perspective},
  journal   = {Journal of the American Statistical Association},
  year      = {2005},
  volume    = {100},
  number    = {469},
  pages     = {36--50},
  doi       = {10.1198/016214504000001808}
}

@incollection{Saghafian2024,
  author    = {Saghafian, Soroush and Kilinc, Duygu and Traub, Stephen J.},
  title     = {Dynamic Assignment of Patients to Primary and Secondary Inpatient Units: Is Patience a Virtue?},
  booktitle = {The Cambridge Handbook of Healthcare: Productivity, Efficiency, Effectiveness},
  editor    = {Grosskopf, Shawna and Valdmanis, Vivian and Zelenyuk, Valentin},
  publisher = {Cambridge University Press},
  year      = {2024},
  pages     = {612--656}
}

@article{Carpenter2015,
  title={Overtesting and the Downstream Consequences of Overtreatment: Implications of "Preventing Overdiagnosis" for Emergency Medicine},
  author={Carpenter, C and Raja, A and Brown, M},
  journal={Academic Emergency Medicine},
  volume={22},
  number={12},
  pages={1484--1492},
  year={2015},
  doi={10.1111/acem.12820}
}

@article{Masic2008,
  title={Evidence based medicine-new approaches and challenges},
  author={Masic, I and Miokovic, M and Muhamedagic, B},
  journal={Acta Informatica Medica},
  volume={16},
  number={4},
  pages={219},
  year={2008},
  doi={10.5455/aim.2008.16.219-225}
}

@article{Singh2015,
  title={Improving diagnosis in health care—the next imperative for patient safety},
  author={Singh, H and Graber, M},
  journal={New England Journal of Medicine},
  volume={373},
  number={26},
  pages={2493--2495},
  year={2015},
  doi={10.1056/NEJMp1512241}
}

@article{Mus2011,
  title={Overuse of diagnostic testing in healthcare: a systematic review},
  author={Müskens, J and Kool, R and van Dulmen, S and Westert, G},
  journal={BMJ Quality \& Safety},
  volume={31},
  number={1},
  pages={54--63},
  year={2022},
  doi={10.1136/bmjqs-2020-012576}
}

@article{Atkinson2023,
  author    = {Atkinson, Matthew K. and Saghafian, Soroush},
  title     = {Who Should See the Patient? On Deviations from Preferred Patient-Provider Assignments in Hospitals},
  journal   = {Health Care Management Science},
  volume    = {26},
  number    = {2},
  pages     = {165--199},
  year      = {2023},
  month     = {June},
  doi       = {10.1007/s10729-022-09628-x},
  pmid      = {37103616},
  note      = {Epub 2023 Apr 27}
}

@article{saghafian2019role,
  author = {Saghafian, Soroush and Hopp, Wallace J.},
  title = {The Role of Quality Transparency in Health Care: Challenges and Potential Solutions},
  journal = {NAM Perspectives},
  year = {2019},
  volume = {2019},
  pages = {10.31478/201911a},
  doi = {10.31478/201911a},
  pmid = {34532667},
  pmcid = {PMC8406510}
}

@article{Saghafian2019,
  author    = {Saghafian, Soroush and Hopp, Wallace J.},
  title     = {Can Public Reporting Cure Healthcare? The Role of Quality Transparency in Improving Patient–Provider Alignment},
  journal   = {Operations Research},
  volume    = {68},
  number    = {1},
  pages     = {71--92},
  year      = {2020},
  doi       = {10.1287/opre.2019.1901}
}

@article{Saghafian2018,
  title={Workload Management in Telemedical Physician Triage and Other Knowledge-Based Service Systems},
  author={Saghafian, S and Hopp, W and Iravani, S and Cheng, Y and Diermeier, D},
  journal={Management Science},
  volume={64},
  number={11},
  pages={5180--5197},
  year={2018}
}
@article{Saghafian2015,
  title={Operations research/management contributions to emergency department patient flow optimization: Review and research prospects},
  author={Saghafian, Soroush and Austin, Geoffrey and Traub, Stephen J},
  journal={IIE Transactions on Healthcare Systems Engineering},
  volume={5},
  number={2},
  pages={101--123},
  year={2015},
  doi={10.1080/19488300.2015.1017676},
  url={https://doi.org/10.1080/19488300.2015.1017676}
}


@article{Jessome2020,
  title={Improving patient flow in diagnostic imaging: a case report},
  author={Jessome, R},
  journal={Journal of Medical Imaging and Radiation Sciences},
  volume={51},
  number={4},
  pages={678--688},
  year={2020},
  month={Dec},
  doi={10.1016/j.jmir.2020.08.014},
  note={Epub 2020 Sep 17. PMID: 32950432; PMCID: PMC7495148}
}


@article{Abaluck2016,
  title={The determinants of productivity in medical testing: Intensity and allocation of care},
  author={Abaluck, J and Agha, L and Kabrhel, C and Raja, A and Venkatesh, A},
  journal={American Economic Review},
  volume={106},
  number={12},
  pages={3730--3764},
  year={2016}
}


@article{mills2015optimizing,
  title={Optimizing diagnostic imaging in the emergency department},
  author={Mills, Angela M and Raja, Ali S and Marin, Jennifer R},
  journal={Academic Emergency Medicine},
  volume={22},
  number={5},
  pages={625--631},
  year={2015},
  month={May},
  doi={10.1111/acem.12640},
  pmid={25731864},
  pmcid={PMC4523049},
  note={Epub 2015 Mar 2}
}

@article{baloescu2018diagnostic,
  title={Diagnostic Imaging in Emergency Medicine: How Much Is Too Much?},
  author={Baloescu, Cristiana},
  journal={Annals of Emergency Medicine},
  volume={72},
  number={6},
  pages={637--643},
  year={2018}
}

@article{poyiadji2023diagnostic,
  title={Diagnostic Imaging Utilization in the Emergency Department: Recent Trends in Volume and Radiology Work Relative Value Units},
  author={Poyiadji, Niraj and Beauchamp, Nicholas 3rd and Myers, David T and Krupp, Shawn and Griffith, Benjamin},
  journal={Journal of the American College of Radiology},
  volume={20},
  number={12},
  pages={1207--1214},
  year={2023},
  month={Dec},
  doi={10.1016/j.jacr.2023.06.033},
  pmid={37543154},
  note={Epub 2023 Aug 4}
}

@article{Juliusson2019,
  author    = {Juliusson, Gunnar and Thorvaldsdottir, Bjork and Kristjansson, Jona Maria and Hannesson, Petur},
  title     = {Diagnostic imaging trends in the emergency department: an extensive single-center experience},
  journal   = {Acta Radiologica Open},
  volume    = {8},
  number    = {7},
  pages     = {2058460119860404},
  year      = {2019},
  month     = {July},
  doi       = {10.1177/2058460119860404},
  pmid      = {31392034},
  pmcid     = {PMC6669846}
}

@article{smith-bindman2019trends,
  title={Trends in Use of Medical Imaging in US Health Care Systems and in Ontario, Canada, 2000-2016},
  author={Smith-Bindman, Rebecca and Kwan, Mimi L and Marlow, Emily C and et al.},
  journal={JAMA},
  volume={322},
  number={9},
  pages={843--856},
  year={2019},
  doi={10.1001/jama.2019.11456}
}


@article{Miller1994,
  author    = {Miller, Randolph A.},
  title     = {Medical diagnostic decision support systems--past, present, and future: a threaded bibliography and brief commentary},
  journal   = {Journal of the American Medical Informatics Association},
  volume    = {1},
  number    = {1},
  pages     = {8--27},
  year      = {1994},
  doi       = {10.1136/jamia.1994.95236141}
}

@article{Solomon1998,
  author    = {Solomon, Daniel H. and Hashimoto, Hiroshi and Daltroy, Loreen and Liang, Matthew H.},
  title     = {Techniques to improve physicians' use of diagnostic tests: a new conceptual framework},
  journal   = {JAMA},
  volume    = {280},
  number    = {23},
  pages     = {2020--2027},
  year      = {1998},
  doi       = {10.1001/jama.280.23.2020}
}

@article{Wennberg1984,
  author    = {Wennberg, John E.},
  title     = {Dealing with medical practice variations: a proposal for action},
  journal   = {Health Affairs (Millwood)},
  volume    = {3},
  number    = {2},
  pages     = {6--32},
  year      = {1984},
  doi       = {10.1377/hlthaff.3.2.6}
}

@article{Daniels1977,
  author    = {Daniels, Marvin and Schroeder, Steven A.},
  title     = {Variation among physicians in use of laboratory tests II. Relation to clinical productivity and outcomes of care},
  journal   = {Medical Care},
  volume    = {15},
  number    = {6},
  pages     = {482--487},
  year      = {1977},
  doi       = {10.1097/00005650-197706000-00004}
}



@article{lumbreras2010incidental,
  author    = {Lumbreras, Blanca and Donat, Luis and Hern{\'a}ndez-Aguado, Ildefonso},
  title     = {Incidental findings in imaging diagnostic tests: a systematic review},
  journal   = {British Journal of Radiology},
  year      = {2010},
  volume    = {83},
  number    = {988},
  pages     = {276--289},
  doi       = {10.1259/bjr/98067945},
  url       = {https://doi.org/10.1259/bjr/98067945},
  issn      = {0007-1285},
  publisher = {The British Institute of Radiology}
}

@article{berlin2011incidentaloma,
  author    = {Berlin, Leonard},
  title     = {The incidentaloma: a medicolegal dilemma},
  journal   = {Radiologic Clinics of North America},
  year      = {2011},
  volume    = {49},
  number    = {2},
  pages     = {245--255},
  doi       = {10.1016/j.rcl.2010.11.002},
  url       = {https://doi.org/10.1016/j.rcl.2010.11.002},
  issn      = {0033-8389},
  publisher = {Elsevier}
}

@misc{acr_incidental,
  author       = {{American College of Radiology}},
  title        = {Incidental Findings},
  howpublished = {\url{https://www.acr.org/Clinical-Resources/Incidental-Findings}},
  note         = {Accessed: 2025-08-25},
  year         = {n.d.}
}
